<?xml version="1.0" encoding="UTF-8"?>
<record xmlns="http://www.loc.gov/MARC21/slim" xmlns:xsi="http://www.w3.org/2001/XMLSchema-instance" xsi:schemaLocation="http://www.loc.gov/MARC21/slim http://www.loc.gov/standards/marcxml/schema/MARC21slim.xsd">
<leader>     cam a2200433 a 4500</leader>
<controlfield tag="001">001619955</controlfield>
<controlfield tag="003">NNU</controlfield>
<controlfield tag="005">20061010170758.0</controlfield>
<controlfield tag="008">000519s1914    ua       b    000 0 ara d</controlfield>
<datafield tag="035" ind1="9" ind2=" ">
<subfield code="a">NYUb12143698</subfield>
</datafield>
<datafield tag="035" ind1=" " ind2=" ">
<subfield code="a">(CStRLIN)NYUG00-B1531</subfield>
</datafield>
<datafield tag="040" ind1=" " ind2=" ">
<subfield code="a">NNU</subfield>
<subfield code="c">NNU</subfield>
</datafield>
<datafield tag="041" ind1="0" ind2=" ">
<subfield code="a">arafre</subfield>
</datafield>
<datafield tag="043" ind1=" " ind2=" ">
<subfield code="a">f-ua---</subfield>
</datafield>
<datafield tag="050" ind1=" " ind2="4">
<subfield code="a">DT95.55</subfield>
<subfield code="b">.I18 1914</subfield>
</datafield>
<datafield tag="066" ind1=" " ind2=" ">
<subfield code="c">(3</subfield>
</datafield>
<datafield tag="090" ind1=" " ind2=" ">
<subfield code="a">DT95.55</subfield>
<subfield code="b">.I18 1914</subfield>
</datafield>
<datafield tag="100" ind1="0" ind2=" ">
<subfield code="6">880-01</subfield>
<subfield code="a">Ibn ʻAbd al-Ḥakam,</subfield>
<subfield code="d">d. 870 or 71.</subfield>
</datafield>
<datafield tag="240" ind1="1" ind2="0">
<subfield code="6">880-02</subfield>
<subfield code="a">Kitāb Futūḥ Miṣr wa-al-Maghrib wa-al-Andalus</subfield>
</datafield>
<datafield tag="245" ind1="1" ind2="0">
<subfield code="6">880-03</subfield>
<subfield code="a">Kitāb Futūḥ Miṣr wa-akhbāruhā /</subfield>
<subfield code="c">taʼlīf Abī al-Qasam ʻAbd al-Raḥmān ibn ʻAbd Allāh ibn ʻAbd al-Ḥakam ibn Aʻyan al-Qurshī al-Miṣrī :ʻuniya bi-nashrihi wa-taṣḥīḥihi Hinrī Māsayah.</subfield>
</datafield>
<datafield tag="246" ind1="3" ind2="0">
<subfield code="6">880-04</subfield>
<subfield code="a">Futūḥ Miṣr wa-akhbāruhā</subfield>
</datafield>
<datafield tag="246" ind1="1" ind2="5">
<subfield code="a">Livre de la conquête de l'Égypte du Magreb et de l'Espagne</subfield>
</datafield>
<datafield tag="260" ind1=" " ind2=" ">
<subfield code="6">880-05</subfield>
<subfield code="a">al-Qāhirah :</subfield>
<subfield code="b">Maṭbaʻat Majlis al-Maʻārif al-Faransāwī al-Khāṣṣ bi-ʻĀdāt al-Sharqīyah,</subfield>
<subfield code="c">1914.</subfield>
</datafield>
<datafield tag="300" ind1=" " ind2=" ">
<subfield code="a">iv, 82 p. ;</subfield>
<subfield code="c">28 cm.</subfield>
</datafield>
<datafield tag="490" ind1="1" ind2=" ">
<subfield code="6">880-06</subfield>
<subfield code="a">Maṭbūʻāt Majlis al-Maʻārif al-Faransāwī al-Khāṣṣ bi-al-ʻĀdāt al-Sharqīyah</subfield>
</datafield>
<datafield tag="500" ind1=" " ind2=" ">
<subfield code="a">Preface in French.</subfield>
</datafield>
<datafield tag="504" ind1=" " ind2=" ">
<subfield code="a">Includes bibliographical references.</subfield>
</datafield>
<datafield tag="651" ind1=" " ind2="0">
<subfield code="a">Egypt</subfield>
<subfield code="x">History</subfield>
<subfield code="y">640-1250</subfield>
<subfield code="v">Early works to 1800.</subfield>
</datafield>
<datafield tag="700" ind1="1" ind2=" ">
<subfield code="6">880-07</subfield>
<subfield code="a">Massé, Henri,</subfield>
<subfield code="d">1886-1969.</subfield>
</datafield>
<datafield tag="740" ind1="0" ind2="2">
<subfield code="6">880-08</subfield>
<subfield code="a">Futūḥ Miṣr wa-al-Maghrib wa-al-Andalus.</subfield>
</datafield>
<datafield tag="880" ind1="0" ind2=" ">
<subfield code="6">100-01/</subfield>
<subfield code="a">ابن عبد الحكم.</subfield>
</datafield>
<datafield tag="880" ind1="1" ind2="0">
<subfield code="6">240-02/</subfield>
<subfield code="a">كتاب فتوح مصر والمغرب والاندلس</subfield>
</datafield>
<datafield tag="880" ind1="1" ind2="0">
<subfield code="6">245-03/</subfield>
<subfield code="a">كتاب فتوح مصر وأخبارها /</subfield>
<subfield code="c">تأليف أبي القسم عبد الرحمن بن عبد الله بن عبد الحكم ابن اعين القرشبي المصري ؛ عنى بنشره وتصحيحه هنري ماسيه.</subfield>
</datafield>
<datafield tag="880" ind1="3" ind2="0">
<subfield code="6">246-04/</subfield>
<subfield code="a">فتوح مصر وأخبارها</subfield>
</datafield>
<datafield tag="880" ind1=" " ind2=" ">
<subfield code="6">260-05/</subfield>
<subfield code="a">القاهرة :</subfield>
<subfield code="b">مطبعة مجلس المعارف الفرنساوي الخاص بالعادات الشرقية،</subfield>
<subfield code="c">١٩١٤.</subfield>
</datafield>
<datafield tag="880" ind1="1" ind2=" ">
<subfield code="6">490-06/</subfield>
<subfield code="a">مطبوعات مجلس المعارف الفرمساوي الخاص بالعادات الشرقية</subfield>
</datafield>
<datafield tag="880" ind1="1" ind2=" ">
<subfield code="6">700-07/</subfield>
<subfield code="a">ماسيه، هنري.</subfield>
</datafield>
<datafield tag="880" ind1="0" ind2="2">
<subfield code="6">740-08/</subfield>
<subfield code="a">فتوح مصر والمغرب والأندلس.</subfield>
</datafield>
<datafield tag="830" ind1=" " ind2="0">
<subfield code="a">Publications de l'Institut français d'archéologie orientale du Caire.</subfield>
</datafield>
<datafield tag="OWN" ind1=" " ind2=" ">
<subfield code="a">GENERAL</subfield>
</datafield>
<datafield tag="998" ind1=" " ind2=" ">
<subfield code="a">20000614</subfield>
<subfield code="d">20000519</subfield>
<subfield code="d">20010531</subfield>
<subfield code="n">NNU</subfield>
<subfield code="s">1</subfield>
<subfield code="t">c</subfield>
<subfield code="z">p</subfield>
</datafield>
<datafield tag="AVA" ind1=" " ind2=" ">
<subfield code="a">NYU50</subfield>
<subfield code="b">BOBST</subfield>
<subfield code="c">Main Collection</subfield>
<subfield code="d">DT95.55 .I18 1914</subfield>
<subfield code="e">unavailable</subfield>
<subfield code="t">Unavailable</subfield>
<subfield code="f">1</subfield>
<subfield code="g">1</subfield>
<subfield code="h">N</subfield>
<subfield code="i">4</subfield>
<subfield code="j">MAIN</subfield>
<subfield code="k">0</subfield>
</datafield>
</record>
